<?xml version="1.0" encoding="UTF-8"?><collection xmlns="http://www.loc.gov/MARC21/slim"><record><leader>00336nam--2200133-i-4500</leader><controlfield tag="001">000015340</controlfield><controlfield tag="002">20161230</controlfield><controlfield tag="005">20161230201031</controlfield><controlfield tag="008">060222s1000------------r-----000-0-eng-d</controlfield><datafield ind1=" " ind2=" " tag="080"><subfield code="a">62-52:519.713</subfield></datafield><datafield ind1=" " ind2=" " tag="100"><subfield code="a">Cautil, Ioan Si Ivanescu, Mircea</subfield></datafield><datafield ind1=" " ind2=" " tag="245"><subfield code="a">Automate industriale</subfield></datafield><datafield ind1=" " ind2=" " tag="260"><subfield code="a">Craiova , Scrisul Romanesc, 1984</subfield></datafield><datafield ind1=" " ind2=" " tag="852"><subfield code="a">71970</subfield></datafield></record></collection>